@MISC{ab_tool,
   title={ab - Apache HTTP server benchmarking tool},
   author={The Apache Software Foundation},
   howpublished = {\url{https://httpd.apache.org/docs/2.4/programs/ab.html}},
   note = {Accessed: 2016-06-08}
}
