% Optional fields: volume/number, series, address, edition, month, note
@BOOK{distri_sys,
	author = {George Coulouris and Jean Dollimore and Tim Kindberg and Gordon Blair},
	title = {Distributed Systems Concepts and Design},
	publisher = {Pearson International},
	year = {2007},
	edition = {5th}
}

@TECHREPORT{birell1984,
	author = {Andrew D. Birrell and Bruge Jay Nelson},
	title = {Implementing Remote Procedure Calls},
	institution = {Xerox Palo Alto Research Center},
	year = {1984}
}

@book{Laurent:2001:PWS:560834,
 author = {Laurent, Simon St. and Dumbill, Edd and Johnston, Joe},
 title = {Programming Web Services with XML-RPC},
 year = {2001},
 isbn = {0596001193},
 publisher = {O'Reilly \& Associates, Inc.},
} 

@inproceedings{Fielding:2000:PDM:337180.337228,
 author = {Fielding, Roy T. and Taylor, Richard N.},
 title = {Principled Design of the Modern Web Architecture},
 booktitle = {Proceedings of the 22Nd International Conference on Software Engineering},
 series = {ICSE '00},
 year = {2000},
 isbn = {1-58113-206-9},
 location = {Limerick, Ireland},
 pages = {407--416},
 numpages = {10},
 url = {http://doi.acm.org.globalproxy.cvt.dk/10.1145/337180.337228},
 doi = {10.1145/337180.337228},
 acmid = {337228},
 publisher = {ACM},
 address = {New York, NY, USA},
 keywords = {WWW, software architectural style, software architecture}
} 

@misc{soap_origin,
   author = {Derek Ferguson},
   title = {Exclusive .NET Developer's Journal "Indigo" Interview with Microsoft's Don Box},
   howpublished = {\url{http://dotnet.sys-con.com/node/45908}},
   note = {Accessed: 2016-05-10}
}

@misc{soap_vs_rest,
   author = {Steven Davelaar},
   title = {Performance Study – REST vs SOAP for Mobile Applications},
   howpublished = {\url{http://www.ateam-oracle.com/performance-study-rest-vs-soap-for-mobile-applications/}},
   note = {Accessed: 2016-05-10}
}
@misc{soap_spec,
   author = {Steven Davelaar},
   title = {Performance Study – REST vs SOAP for Mobile Applications},
   howpublished = {\url{https://www.w3.org/TR/2000/NOTE-SOAP-20000508/}},
   note = {Accessed: 2016-05-10}
}

@inproceedings{Wu:2011:PCP:2046707.2093514,
 author = {Wu, Xiaoxin and Xu, Lei and Zhang, Xinwen},
 title = {Poster: A Certificateless Proxy Re-encryption Scheme for Cloud-based Data Sharing},
 booktitle = {Proceedings of the 18th ACM Conference on Computer and Communications Security},
 series = {CCS '11},
 year = {2011},
 isbn = {978-1-4503-0948-6},
 location = {Chicago, Illinois, USA},
 pages = {869--872},
 numpages = {4},
 url = {http://doi.acm.org.globalproxy.cvt.dk/10.1145/2046707.2093514},
 doi = {10.1145/2046707.2093514},
 acmid = {2093514},
 publisher = {ACM},
 address = {New York, NY, USA},
 keywords = {access control, certificateless public key cryptography, cloud computing, cloud storage, proxy re-encryption},
} 



@MISC{auth0_jwt,
   author = {Auth0},
   title = {What is JSON Web Token?},
   howpublished = {\url{https://auth0.com/learn/json-web-tokens/}},
   note = {Accessed: 2016-05-18}
}

@MISC{jwt.io,
   author = {JWT.io},
   title = {Introduction to JSON Web Tokens},
   howpublished = {\url{https://jwt.io/introduction/}},
   note = {Accessed: 2016-05-19}
}

@MISC{tkalec,
   author = {Tino Tkalec},
   title = {JSON Web Token Tutorial: An Example in Laravel and AngularJS},
   howpublished = {\url{https://www.toptal.com/web/cookie-free-authentication-with-json-web-tokens-an-example-in-laravel-and-angularjs}},
   note = {Accessed: 2016-05-19}
}

@MISC{know_have_are,
   author = {Fred B. Schneider},
   title = {Something You Know, Have, or Are},
   howpublished = {\url{https://www.cs.cornell.edu/courses/cs513/2005fa/nnlauthpeople.html}},
   note = {Accessed: 2016-05-19}
}

@MISC{rfc4226,
   title={HOTP: An HMAC-based one-time password algorithm},
   author={M’Raihi, D and Bellare, M and Hoornaert, F and Naccache, D and Ranen, O},
   howpublished = {\url{https://tools.ietf.org/html/rfc4226}},
   note = {Accessed: 2016-05-19}
}

@MISC{rfc6238,
   title={TOTP: Time-Based One-Time Password Algorithm},
   author={M’Raihi, D and Machani, S and Pei, N and Rydell, J},
   howpublished = {\url{https://tools.ietf.org/html/rfc6238}},
   note = {Accessed: 2016-05-19}
}

@MISC{rfc2898,
   title={PKCS \#5: Password-Based Cryptography Specification Version 2.0},
   author={B. Kaliski},
   howpublished = {\url{https://tools.ietf.org/html/rfc2898}},
   note = {Accessed: 2016-05-20}
}

@MISC{phc,
   title={Password Hashing Competition},
   author={Jean-Philippe Aumasson},
   howpublished = {\url{https://password-hashing.net/}},
   note = {Accessed: 2016-05-20}
}

@techreport{biryukov2015argon,
  title={Argon and Argon2},
  author={Biryukov, Alex and Dinu, Dumitru-Daniel and Khovratovich, Dmitry},
  year={2015},
  institution={Password Hashing Competition (PHC)}
}

@MISC{owasp_kdf,
   title={Password Storage Cheat Sheet},
   author={The Open Web Application Security Project},
   howpublished = {\url{https://www.owasp.org/index.php/Password_Storage_Cheat_Sheet}},
   note = {Accessed: 2016-05-20}
}

// This says AES IS BEST!!!
@article{ebrahim2014symmetric,
  title={Symmetric algorithm survey: a comparative analysis},
  author={Ebrahim, Mansoor and Khan, Shujaat and Khalid, Umer Bin},
  journal={arXiv preprint arXiv:1405.0398},
  year={2014}
}

@article{barker2012sp,
  title={SP 800-67 Rev. 1. Recommendation for the Triple Data Encryption Algorithm (TDEA) Block Cipher},
  author={Barker, William C and Barker, Elaine B},
  year={2012},
  publisher={National Institute of Standards \& Technology}
}

@article{thakur2011aes,
  title={DES, AES and Blowfish: Symmetric key cryptography algorithms simulation based performance analysis},
  author={Thakur, Jawahar and Kumar, Nagesh},
  journal={International journal of emerging technology and advanced engineering},
  volume={1},
  number={2},
  pages={6--12},
  year={2011},
  publisher={Citeseer}
}
@article{singh2011comparison,
  title={Comparison of data encryption algorithms},
  author={Singh, Simar Preet and Maini, Raman},
  journal={International Journal of Computer Science and Communication},
  volume={2},
  number={1},
  pages={125--127},
  year={2011}
}

@inproceedings{verma2011peformance,
  title={Peformance analysis of data encryption algorithms},
  author={Verma, Om Prakash and Agarwal, Ritu and Dafouti, Dhiraj and Tyagi, Shobha},
  booktitle={Electronics Computer Technology (ICECT), 2011 3rd International Conference on},
  volume={5},
  pages={399--403},
  year={2011},
  organization={IEEE}
}

@inproceedings{ramesh2013performance,
  title={Performance analysis of encryption algorithms for Information Security},
  author={Ramesh, Archana and Suruliandi, A},
  booktitle={Circuits, Power and Computing Technologies (ICCPCT), 2013 International Conference on},
  pages={840--844},
  year={2013},
  organization={IEEE}
}

p.20

@MISC{enisa,
   title={Algorithms, key size and parameters report – 2014},
   year={2014},
   author={European Union Agency for Network and Information Security},
   howpublished = {\url{https://www.enisa.europa.eu/publications/algorithms-key-size-and-parameters-report-2014}},
   note = {Accessed: 2016-05-20}
}


@incollection{boneh2000textbook,
  title={Why textbook ElGamal and RSA encryption are insecure},
  author={Boneh, Dan and Joux, Antoine and Nguyen, Phong Q},
  booktitle={Advances in Cryptology—ASIACRYPT 2000},
  pages={30--43},
  year={2000},
  publisher={Springer}
}