##########################################################
# Figures
##########################################################
@misc{fig:passwordstate_main,
   author = {Passwordstate},
   title = {Passwordstate Homepage},
   howpublished = {\url{http://www.clickstudios.com.au/images/screenshots/generalusers/homepage.png}},
   note = {Accessed: 2015-12-08}
}
@misc{fig:passwordstate_getpassword,
   author = {Passwordstate},
   title = {Passwordstate Passwordactions},
   howpublished = {\url{http://www.clickstudios.com.au/images/screenshots/generalusers/passwordactions.png}},
   note = {Accessed: 2015-12-08}
}
@misc{fig:passwordstate_graph,
   author = {Passwordstate},
   title = {Passwordstate Folder},
   howpublished = {\url{http://www.clickstudios.com.au/images/screenshots/generalusers/folder.png}},
   note = {Accessed: 2015-12-08}
}
http://www.clickstudios.com.au/images/screenshots/generalusers/passwordgen1.png

@misc{fig:passwordstate_newpassword_passwordgen,
   author = {Passwordstate},
   title = {Passwordstate Passwordgen},
   howpublished = {\url{http://www.clickstudios.com.au/images/screenshots/generalusers/passwordgen1.png}},
   note = {Accessed: 2015-12-08}
}