@misc{httpcodes,
   author = {R: Fielding and J. Gettys and J. Mogul and H. Frystyk and L. Masinter and P. Leach and T Berners-Lee},
   title = {Hypertext Transfer Protocol -- HTTP/1.1},
   howpublished = {\url{https://tools.ietf.org/html/rfc2616}},
   note = {Accessed: 2016-05-31}
}