@misc{npm_leftpad,
   author = {Isaac Z. Schlueter},
   title = {kik, left-pad, and npm},
   howpublished = {\url{http://blog.npmjs.org/post/141577284765/kik-left-pad-and-npm}},
   note = {Accessed: 2016-06-11}
}