##########################################################
# Tech Papers
##########################################################


@TECHREPORT{doodles,
   author = {Naveen Sundar Govindarajulu and Sriganesh Madhvanath},
   title = {Password Management Using Doodles},
   institution = {Hewlett-Packard Labs, Bangalore, India},
   year = {2007}
}

@TECHREPORT{browser_saved,
   author = {Rui Zhao and Chuan Yue},
   title = {All Your Browser-saved Passwords Could Belong to Us: A Security Analysis and a Cloud-based New Design},
   institution = {University of Colorade, Department of Computer Science, Colerado Springs, CO, USA.},
   year = {2013}
}

% Optional fields: type, number, address, month, note
@TECHREPORT{passpet,
	author = {Ka-Ping Yee and Kragen Sitaker},
	title = {Passpet: Convenient Password Management and Phishing Protection},
	institution = {University of California, Berkeley},
	year = {2006}
}

% Optional fields: type, number, address, month, note
@TECHREPORT{busch2014,
   author = {Bian Yang and Huiguang Chu and Guoqiang Li and Slobodan Petrovic and Christoph Busch},
   title = {Cloud Password Manager Using Privacy-Preserved Biometrics},
   institution = {Norwegian Information Security Laboratory at Gjøvik University College, Gjøvik, Norway},
   year = {2014}
}

% Optional fields: type, number, address, month, note
@TECHREPORT{stobert2014,
   author = {Elizabeth Stobert and Robert Biddle},
   title = {A Password Manager that Doesn’t Remember Passwords},
   institution = {Carleton University, Ottawa, Canada},
   year = {2014}
}

% Optional fields: type, number, address, month, note
@TECHREPORT{florencio2014,
   author = {Dinei Florêncio and Cormac Herley and Paul C. van Oorschot},
   title = {An Administrator’s Guide to Internet Password Research},
   institution = {Microsoft Research and Carleton University},
   year = {2014}
}

% Optional fields: type, number, address, month, note
@TECHREPORT{halderman2005,
   author = {J. Alex Halderman and Brent Waters and Edward W. Felten},
   title = {A Convenient Method for Securely Managing Passwords},
   institution = {Princeton University and Stanford University},
   year = {2005}
}

% Optional fields: type, number, address, month, note
@TECHREPORT{zhang2015,
   author = {Fengwei Zhang and Kevin Leach and Haining Wang and Angelos Stavrou},
   title = {TrustLogin: Securing Password-Login on Commodity Operating Systems},
   institution = {George Mason University and University of Virginia and University of Delaware},
   year = {2015}
}

% Optional fields: type, number, address, month, note
@TECHREPORT{englert2009,
   author = {Burkhard Englert and Pritesh Shah},
   title = {On the Design and Implementation of a secure Online Password Vault},
   institution = {Department of Computer Engineering and Computer Science, California State University, Long Beach},
   year = {2009}
}

% Optional fields: type, number, address, month, note
@TECHREPORT{huang2015,
   author = {Xiuxia Tiam and Ling Huang and Tony Wu and Xiaoling Wang and Aoying Zhou},
   title = {CloudKeyBank: Privacy and Owner Authorization Enforced Key Management Framework},
   institution = {IEEE},
   year = {2015}
}